2220 3640
945 60 1150 131 (6⁷)

675 654 775 718 71.
825 653 1153 718 CARYOCAR
1203 674 1419 719 EDULE.

181 804 235 861 C.
274 805 417 861 foliis
452 803 843 872 3-foliolatis‚
879 803 1078 859 foliolis
1109 804 1359 860 breviter
1392 803 1758 880 petiolulati5‚
1793 818 1923 858 ova—

266 904 358 972 tis,
406 903 526 959 basi
573 902 785 960 obtusis
831 903 921 959 vel
959 902 1349 970 acutiusculis‚
1382 904 1542 979 apice
1573 901 1920 976 subabrupte

261 1002 623 1072 acuminatis,
671 1002 929 1076 margine
970 1002 1079 1059 late
1112 1002 1614 1077 irregulariterque
1646 1002 1918 1067 crenatiS‚

264 1101 534 1176 utrinque
579 1100 819 1174 glabris;
867 1100 1066 1157 foliolis
1097 1101 1218 1157 aliis
1252 1101 1286 1156 4
1321 1100 1377 1155 in
1413 1100 1758 1181 appendices
1792 1099 1920 1155 toti-

263 1199 394 1256 dem
440 1199 804 1275 parvissimas
849 1200 1192 1257 cirriformes
1239 1198 1441 1255 abortu
1488 1198 1728 1254 mutatis

176 1312 328 1366 Nom.
371 1312 518 1382 vulg.
562 1314 738 1378 Piqui.

173 1404 384 1455 Crescit
424 1403 476 1454 in
519 1404 761 1456 arenosis
790 1404 1075 1457 maritimis
1103 1418 1272 1474 prope
1304 1404 1400 1457 Rio
1436 1406 1498 1457 de
1532 1404 1780 1472 Janee'm,
1814 1418 1932 1456 rara

247 1493 484 1561 (Riedel
514 1490 555 1566 ).

171 1595 327 1646 Arbor
368 1600 520 1657 (teste
559 1597 680 1646 mihi
719 1598 833 1647 clar.
877 1599 1081 1663 Riedel)
1120 1598 1323 1649 floribus
1360 1599 1481 1648 albis
1519 1596 1779 1663 fructuque
1805 1597 1935 1647 eduli

243 1680 477 1745 praedita.
523 1682 712 1731 Foliola
753 1682 1121 1732 membranacea
1170 1684 1522 1746 penninervia,
1573 1697 1724 1731 nervo
1771 1682 1933 1730 medio

240 1763 617 1827 lateralibusque
654 1765 888 1828 venisque
923 1765 1229 1814 intermediis
1268 1766 1438 1816 subtus
1476 1765 1782 1829 prominulis.
1822 1764 1936 1812 Flo-

244 1862 322 1895 res
357 1847 594 1896 racemosi
632 1848 946 1896 terminales:
989 1849 1248 1912 pedunculi
1288 1849 1470 1912 glabri,
1500 1849 1635 1911 apice
1665 1847 1933 1909 articulati,

244 1929 373 1978 circa
409 1930 625 1978 medium
661 1931 739 1979 vel
773 1932 960 1995 apicem
986 1948 1154 1981 versus
1187 1932 1648 1995 1-2-bracteolati,
1675 1931 1936 1981 bracteolis

244 2012 460 2062 minimis
496 2013 732 2062 deciduis.

178 2092 295 2145 Obs.
345 2094 543 2160 Species
596 2096 877 2145 soliolorum
928 2096 1084 2145 forma
1132 2105 1276 2161 atque
1321 2097 1546 2162 glabritie
1596 2096 1829 2146 accedens
1876 2096 1936 2145 ad

250 2176 472 2228 Saouarc'
506 2181 729 2243 ylabram
765 2178 908 2227 Aubl.
949 2179 1110 2244 guian.
1161 2183 1204 2228 1.
1244 2196 1291 2245 p.
1343 2184 1458 2229 599.
1500 2180 1593 2229 tab.
1647 2183 1764 2229 240.
1806 2178 1939 2243 (Ca—

245 2278 421 2326 ryocar
457 2264 683 2326 ylabrum
721 2260 925 2323 Pers.);
967 2271 1013 2311 at
1049 2278 1163 2311 vero
1200 2263 1554 2327 appendicibus
1578 2262 1941 2313 cirriformibus

245 2359 390 2408 supra
427 2345 605 2394 notatis
630 2347 772 2410 plane
801 2345 1044 2394 distincta.
1075 2346 1180 2395 Hae
1209 2353 1429 2395 constant
1456 2347 1639 2397 foliolis
1662 2352 1689 2396 4
1718 2346 1936 2396 minimis

246 2427 493 2477 sessilibus
530 2429 1012 2479 lineari-lanceolatis
1048 2429 1371 2479 ramentaceis
1416 2431 1640 2479 concavis
1686 2429 1934 2479 circinat-is

248 2509 416 2572 petioli
454 2512 724 2561 communis
762 2512 896 2576 apice
935 2512 1293 2573 insidentibus,
1335 2530 1458 2578 quae
1498 2521 1729 2577 tanquam
1774 2512 1941 2563 foliola

250 2591 468 2640 abortiva
506 2594 763 2642 considero
790 2596 941 2644 instar
966 2612 1134 2645 eorum
1161 2613 1283 2660 quae
1310 2597 1637 2661 inspiciuntur
1663 2598 1711 2646 in
1745 2597 1936 2648 Schmi-

250 2678 381 2726 delz‘d
418 2677 748 2741 laeterophylld
785 2676 1032 2728 Cambess.
1055 2718 1066 2739 ‚
1107 2695 1251 2743 quam
1289 2679 1490 2744 stirpem
1526 2680 1576 2728 in
1600 2679 1804 2729 Brasilia
1826 2680 1930 2742 ipse

249 2756 444 2820 quidem
484 2757 755 2806 observavi.
794 2755 955 2814 Quum
989 2759 1049 2809 de
1081 2761 1361 2811 charactere
1387 2770 1482 2812 tam
1508 2762 1672 2827 magni
1701 2761 1934 2810 momenti

249 2840 382 2887 nulla
418 2847 521 2889 tum
559 2840 610 2888 in
648 2841 788 2889 icone
825 2847 926 2889 tum
965 2841 1014 2890 in
1054 2843 1379 2910 descriptione
1405 2846 1597 2909 plantae
1624 2843 1936 2893 Auhletianae

250 2922 433 2971 mentio
472 2921 587 2985 fiat,
626 2937 784 2971 meam
820 2922 948 2972 hanc
984 2924 1188 2989 stirpem
1225 2928 1374 2977 veluti
1413 2926 1472 2976 ab
1509 2925 1563 2977 ea
1602 2927 1842 2978 diversam
1880 2941 1936 2974 ac

252 3004 459 3068 proinde
496 3020 668 3053 novam
705 3020 979 3070 proponere
1016 3024 1324 3077 nequaquam
1361 3026 1547 3062 vereor,

188 3086 446 3153 Diagnosis
482 3104 539 3140 ex
574 3089 717 3141 unico
755 3091 1032 3156 exemplari.
