2220 3640
424 233 591 298 Orae
634 232 1026 296 Brasilicnsis
1072 242 1282 296 autem
1332 242 1541 314 partes
1589 253 1740 312 quas
1778 235 1927 296 mihi
1958 253 2058 296 ex·-

339 352 587 430 plorare
635 352 840 426 licuit,
886 357 1056 409 sunt:
1105 351 1274 409 sinus
1328 348 1767 427 l<'luminonsis7
1813 355 2058 409 montes

338 468 528 543 vulgo
576 462 760 527 Serra
805 468 908 525 (Ios
966 462 1238 540 (hydros,
1281 466 1450 524 sinus
1483 463 1839 542 nantensis,
1869 471 2059 541 atque

337 580 538 639 insula
583 577 643 640 S.
689 576 1035 640 Sebastiam
1084 581 1144 638 in
1193 577 1517 657 provincia
1577 578 1637 641 S.
1685 579 1862 640 Pauli
1919 581 2056 639 sita.

336 691 455 756 Vix
501 712 853 755 memorare
899 696 988 754 sas
1035 701 1128 754 est
1173 691 1233 755 S.
1282 691 1656 756 Catliarinac
1698 696 1961 754 insulam
1995 700 2058 754 et

333 806 782 882 PernambzoeO‚
830 810 908 869 ob
954 810 1382 869 brevissmiam
1430 810 1556 868 illie
1596 827 1854 868 moram.
1888 807 2059 871 Mon-

335 926 559 984 {enideo
603 927 790 984 etiam
839 926 1002 1001 adii,
1048 941 1121 984 ac
1166 942 1359 984 novas
1405 925 1644 999 aliquot
1689 926 1914 1002 stirpes
1947 925 2057 984 ihi-

333 1038 475 1098 dem
520 1045 842 1116 repertaS,
888 1039 1173 1116 exemplo
1220 1039 1417 1097 fretus
1462 1056 1850 1098 summorum
1894 1040 2057 1100 viro-

334 1171 478 1213 rum
523 1154 630 1230 qui
676 1154 842 1213 illius
887 1155 1162 1232 regionis
1206 1151 1458 1215 Floram
1505 1170 1647 1213 cum
1693 1151 2056 1213 Brasiliensi

337 1269 814 1329 consociandam
876 1269 1229 1346 duxerunt,
1291 1270 1413 1328 huc
1471 1268 1892 1327 intromittere
1957 1269 2057 1329 vel

334 1382 468 1460 ipse
511 1399 637 1442 non
682 1400 923 1444 verear.
970 1381 1054 1444 Iis
1100 1384 1371 1459 denique
1403 1383 1735 1442 nonnullas
1766 1384 2058 1461 adjicien-

333 1497 442 1557 das
487 1500 702 1576 putavi
748 1500 884 1559 aliis
932 1501 993 1559 in
1036 1496 1340 1559 Brasiliae
1385 1500 1582 1578 plagis
1630 1500 1857 1575 lectaS,
1904 1516 2058 1575 quas

331 1614 562 1691 partim
606 1615 683 1673 ab
730 1616 956 1674 eximio
1001 1616 1137 1675 viro
1183 1620 1374 1690 atque
1411 1615 1786 1674 amicissimo
1818 1610 1886 1675 L.
1920 1612 2059 1675 Rie-

333 1728 469 1800 del,
517 1729 747 1806 partim
793 1747 829 1789 a
874 1734 1134 1789 strenuo
1181 1745 1395 1789 rerum
1443 1729 1827 1788 naturalium
1875 1730 2061 1788 colle-

331 1848 510 1902 ctore
555 1839 636 1902 P.
695 1839 1007 1918 Claussen,
1040 1845 1189 1905 dum
1222 1840 1341 1905 Rio
1372 1845 1439 1904 de
1469 1840 1712 1904 Janez‘ro
1741 1843 2060 1920 morabar,

332 1959 568 2038 accepi.

415 2071 490 2134 In
536 2075 887 2152 specierum
919 2074 1341 2152 descriptione
1372 2073 1669 2135 brevitati
1708 2073 2056 2133 consulam:

332 2203 552 2247 earum
604 2194 814 2248 tamen
877 2190 1132 2267 phrases
1194 2189 1629 2267 diagnosticas
1673 2189 1822 2248 satis
1882 2194 2059 2266 aptas

332 2307 524 2378 atque
554 2302 869 2363 absolutas
899 2303 1163 2363 reddere
1195 2303 1446 2362 curabo,
1479 2300 1749 2365 Nomina
1773 2303 2058 2380 vulgaria

334 2423 398 2478 et
445 2435 651 2494 usum,
698 2419 746 2477 si
795 2434 980 2493 quem
1028 2418 1293 2493 habent>
1339 2420 1504 2479 haud
1538 2420 2055 2498 praetermittam,

333 2529 526 2592 Index
571 2534 1001 2610 systematicus
1048 2550 1203 2611 opus
1249 2532 1548 2611 perficiet.

503 2757 743 2822 Dabam
792 2758 1047 2822 Genuae
1095 2762 1294 2822 idibus
1340 2759 1489 2827 Maii
1543 2758 1722 2824 1842„
